@INPROCEEDINGS{txminer,
author={M. Zheleva and R. Chandra and A. Chowdhery and A. Kapoor and P. Garnett},
booktitle={2015 IEEE International Symposium on Dynamic Spectrum Access Networks (DySPAN)},
title={TxMiner: Identifying transmitters in real-world spectrum measurements},
year={2015},
pages={94-105},
keywords={Rayleigh channels;learning (artificial intelligence);radio spectrum management;radio transmitters;Rayleigh distribution;TxMiner;active radio transmitters;dynamic spectrum access;machine learning algorithm;spectrum measurements;spectrum regulators;spectrum usage patterns;transmitter identification;wireless signal fading;Dynamic spectrum access;Radio transmitters;Regulators;TV;Time-frequency analysis},
doi={10.1109/DySPAN.2015.7343893},
month={Sept},}

@inproceedings{dof,
 author = {Hong, Steven Siying and Katti, Sachin Rajsekhar},
 title = {DOF: A Local Wireless Information Plane},
 booktitle = {Proceedings of the ACM SIGCOMM 2011 Conference},
 series = {SIGCOMM '11},
 year = {2011},
 isbn = {978-1-4503-0797-0},
 location = {Toronto, Ontario, Canada},
 pages = {230--241},
 numpages = {12},
 url = {http://doi.acm.org/10.1145/2018436.2018463},
 doi = {10.1145/2018436.2018463},
 acmid = {2018463},
 publisher = {ACM},
 address = {New York, NY, USA},
 keywords = {smart radios, wireless degrees of freedom},
} 


@ARTICLE{litsurvey,
author={O. A. Dobre and A. Abdi and Y. Bar-Ness and W. Su},
journal={IET Communications},
title={Survey of automatic modulation classification techniques: classical approaches and new trends},
year={2007},
volume={1},
number={2},
pages={137-156},
keywords={demodulation;modulation;signal classification;automatic recognition;demodulation;intelligent receiver;likelihood function;modulation classification techniques;signal detection},
doi={10.1049/iet-com:20050176},
ISSN={1751-8628},
month={April},}


@ARTICLE{gardner_unif,
author={W. A. Gardner},
journal={IEEE Transactions on Communications},
title={Signal interception: a unifying theoretical framework for feature detection},
year={1988},
volume={36},
number={8},
pages={897-906},
keywords={correlation theory;interference (signal);signal detection;classification;cyclostationary signals;detectors;estimation;feature detection;interference;noise levels;radiometric methods;signal detection;signal interception weak random signals;spectral-correlation theory;unifying framework;Computer vision;Detectors;Image processing;Interference;Noise level;Radiometry;Random processes;Satellite broadcasting;Signal detection;Signal processing},
doi={10.1109/26.3769},
ISSN={0090-6778},
month={Aug},}

@ARTICLE{scf_analog,
author={W. Gardner},
journal={IEEE Transactions on Communications},
title={Spectral Correlation of Modulated Signals: Part I - Analog Modulation},
year={1987},
volume={35},
number={6},
pages={584-594},
keywords={Correlations;Modulation/demodulation;Amplitude modulation;Detectors;Frequency synchronization;Phase modulation;Pulse modulation;Quadrature amplitude modulation;Signal analysis;Signal design;Signal detection;Signal processing},
doi={10.1109/TCOM.1987.1096820},
ISSN={0090-6778},
month={June},}


@ARTICLE{scf_digital,
author={W. Gardner and W. Brown and Chih-Kang Chen},
journal={IEEE Transactions on Communications},
title={Spectral Correlation of Modulated Signals: Part II - Digital Modulation},
year={1987},
volume={35},
number={6},
pages={595-601},
keywords={Correlations;Digital modulation/demodulation;Digital modulation;Filters;Frequency shift keying;Matrices;Parameter estimation;Phase shift keying;Pulse modulation;Pulse width modulation;Signal processing;Space vector pulse width modulation},
doi={10.1109/TCOM.1987.1096816},
ISSN={0090-6778},
month={June},}

@article{vis_karpathy,
  author    = {Andrej Karpathy and
               Justin Johnson and
               Fei{-}Fei Li},
  title     = {Visualizing and Understanding Recurrent Networks},
  journal   = {CoRR},
  volume    = {abs/1506.02078},
  year      = {2015},
  url       = {http://arxiv.org/abs/1506.02078},
  timestamp = {Wed, 01 Jul 2015 15:10:24 +0200},
  biburl    = {http://dblp.uni-trier.de/rec/bib/journals/corr/KarpathyJL15},
  bibsource = {dblp computer science bibliography, http://dblp.org}
}

@ARTICLE{electrosense, 
author={S. Rajendran and R. Calvo-Palomino and M. Fuchs and B. Van den Bergh and H. Cordobes and D. Giustiniano and S. Pollin and V. Lenders}, 
journal={IEEE Communications Magazine}, 
title={Electrosense: Open and Big Spectrum Data}, 
year={2018}, 
volume={56}, 
number={1}, 
pages={210-217}, 
keywords={cognitive radio;radio spectrum management;signal detection;Electrosense data;big data architecture;cognitive radios;collaborative spectrum monitoring network;electromagnetic space;electrosmog monitoring;open big spectrum data;open spectrum data;radio spectrum allocation;spectrum sensing nodes;Computer architecture;Crowdsourcing;Data models;Monitoring;Sensors;Spread spectrum communication;Time-frequency analysis}, 
doi={10.1109/MCOM.2017.1700200}, 
ISSN={0163-6804}, 
month={Jan},}

@inproceedings{o2016convolutional,
  title={Convolutional radio modulation recognition networks},
  author={O'Shea, Timothy J and Corgan, Johnathan and Clancy, T Charles},
  booktitle={International Conference on Engineering Applications of Neural Networks},
  pages={213--226},
  year={2016},
  organization={Springer}
}

@article{Hochreiter:lstm,
 author = {Hochreiter, Sepp and Schmidhuber, J\"{u}rgen},
 title = {Long Short-Term Memory},
 journal = {Neural Comput.},
 issue_date = {November 15, 1997},
 volume = {9},
 number = {8},
 month = nov,
 year = {1997},
 issn = {0899-7667},
 pages = {1735--1780},
 numpages = {46},
 url = {http://dx.doi.org/10.1162/neco.1997.9.8.1735},
 doi = {10.1162/neco.1997.9.8.1735},
 acmid = {1246450},
 publisher = {MIT Press},
 address = {Cambridge, MA, USA},
} 

@phdthesis{zaihe_thesis,
  author       = {Zaihe Yu}, 
  title        = {Automatic modulation classification of communication signals},
  school       = {Department of Electrical and Computer Engineering, New Jersey Institute of Technology},
  year         = 2006,
  month        = August,
}

@ARTICLE{cyclo_test,
author={A. V. Dandawate and G. B. Giannakis},
journal={IEEE Transactions on Signal Processing},
title={Statistical tests for presence of cyclostationarity},
year={1994},
volume={42},
number={9},
pages={2355-2369},
keywords={frequency-domain analysis;signal detection;statistical analysis;time-domain analysis;Ï‡2 tests;algorithms;asymptotic normality;consistency;cyclostationarity;false alarm rate tests;frequency-domain;kth-order cyclic statistics;kth-order cyclostationarity;nonvanishing cyclic-cumulants;nonvanishing polyspectra;performance;time-domain;Array signal processing;Fourier series;Frequency estimation;Helium;Signal processing;Signal processing algorithms;Statistical analysis;Statistics;Testing;Yield estimation},
doi={10.1109/78.317857},
ISSN={1053-587X},
month={Sep},}

@INPROCEEDINGS{ofdm_classif,
author={T. Yucek and H. Arslan},
booktitle={IEEE GLOBECOM 2007 - IEEE Global Telecommunications Conference},
title={OFDM Signal Identification and Transmission Parameter Estimation for Cognitive Radio Applications},
year={2007},
pages={4056-4060},
keywords={OFDM modulation;cognitive radio;maximum likelihood estimation;parameter estimation;signal detection;telecommunication security;OFDM signal identification;OFDM signaling;cognitive radio;cyclic prefix length;electronic surveillance;enemy signal detection;illegal signal detection;maximum likelihood estimator;multicarrier transmission;orthogonal frequency division multiplexing;single-carrier transmission;symbol duration estimation;transmission parameter estimation;Cognitive radio;Gaussian distribution;Maximum likelihood estimation;OFDM;Parameter estimation;RF signals;Radiofrequency identification;Signal processing;Testing;Wireless LAN},
doi={10.1109/GLOCOM.2007.771},
ISSN={1930-529X},
month={Nov},}


@Article{deeplearn,
author={LeCun, Yann
and Bengio, Yoshua
and Hinton, Geoffrey},
title={Deep learning},
journal={Nature},
year={2015},
month={May},
day={28},
publisher={Nature Publishing Group, a division of Macmillan Publishers Limited. All Rights Reserved.},
volume={521},
number={7553},
pages={436-444},
abstract={Deep learning allows computational models that are composed of multiple processing layers to learn representations of data with multiple levels of abstraction. These methods have dramatically improved the state-of-the-art in speech recognition, visual object recognition, object detection and many other domains such as drug discovery and genomics. Deep learning discovers intricate structure in large data sets by using the backpropagation algorithm to indicate how a machine should change its internal parameters that are used to compute the representation in each layer from the representation in the previous layer. Deep convolutional nets have brought about breakthroughs in processing images, video, speech and audio, whereas recurrent nets have shone light on sequential data such as text and speech. ER  -},
note={Insight},
issn={0028-0836},
url={http://dx.doi.org/10.1038/nature14539}
}

@article{adam_optimizer,
  author    = {Diederik P. Kingma and
               Jimmy Ba},
  title     = {Adam: {A} Method for Stochastic Optimization},
  journal   = {CoRR},
  volume    = {abs/1412.6980},
  year      = {2014},
  url       = {http://arxiv.org/abs/1412.6980},
  timestamp = {Thu, 01 Jan 2015 19:51:08 +0100},
  biburl    = {http://dblp.uni-trier.de/rec/bib/journals/corr/KingmaB14},
  bibsource = {dblp computer science bibliography, http://dblp.org}
}

@inproceedings{o2016radio,
  title={Radio machine learning dataset generation with gnu radio},
  author={O'Shea, Timothy J and West, Nathan},
  booktitle={Proceedings of the GNU Radio Conference},
  volume={1},
  number={1},
  year={2016}
}

@misc{gnuradio_web,
  title = {{GNU Radio website}},
  howpublished = {\url{http://www.gnuradio.org}},
  note = {Accessed: 2017-04-04}
}

@article{tensorflow,
  title={Tensorflow: Large-scale machine learning on heterogeneous distributed systems},
  author={Abadi, Mart{\'\i}n and Agarwal, Ashish and Barham, Paul and Brevdo, Eugene and Chen, Zhifeng and Citro, Craig and Corrado, Greg S and Davis, Andy and Dean, Jeffrey and Devin, Matthieu and others},
  journal={arXiv preprint arXiv:1603.04467},
  year={2016}
}

@article{baselinearxiv,
  author    = {Nathan E. West and
               Timothy J. O'Shea},
  title     = {Deep Architectures for Modulation Recognition},
  journal   = {CoRR},
  volume    = {abs/1703.09197},
  year      = {2017},
  url       = {http://arxiv.org/abs/1703.09197},
  timestamp = {Mon, 03 Apr 2017 12:41:34 +0200},
  biburl    = {http://dblp.uni-trier.de/rec/bib/journals/corr/WestO17},
  bibsource = {dblp computer science bibliography, http://dblp.org}
}

@INPROCEEDINGS{baseline, 
author={N. E. West and T. O'Shea}, 
booktitle={2017 IEEE International Symposium on Dynamic Spectrum Access Networks (DySPAN)}, 
title={Deep architectures for modulation recognition}, 
year={2017}, 
volume={}, 
number={}, 
pages={1-6}, 
keywords={learning (artificial intelligence);modulation;neural nets;radiocommunication;signal classification;telecommunication computing;deep architectures;deep neural networks;equalization learning;machine learning;network depth;radio modulation recognition;synchronization learning;Computer architecture;Convolution;Dynamic spectrum access;Modulation;Network architecture;Neural networks;Training}, 
doi={10.1109/DySPAN.2017.7920754}, 
ISSN={}, 
month={March},}

@article{tsne,
  title={Visualizing data using t-SNE},
  author={Maaten, Laurens van der and Hinton, Geoffrey},
  journal={Journal of Machine Learning Research},
  volume={9},
  number={Nov},
  pages={2579--2605},
  year={2008}
}


@ARTICLE{quant_neural,
   author = {{Hubara}, I. and {Courbariaux}, M. and {Soudry}, D. and {El-Yaniv}, R. and 
	{Bengio}, Y.},
    title = "{Quantized Neural Networks: Training Neural Networks with Low Precision Weights and Activations}",
  journal = {ArXiv e-prints},
archivePrefix = "arXiv",
   eprint = {1609.07061},
 keywords = {Computer Science - Neural and Evolutionary Computing, Computer Science - Learning},
     year = 2016,
    month = sep,
   adsurl = {http://adsabs.harvard.edu/abs/2016arXiv160907061H},
  adsnote = {Provided by the SAO/NASA Astrophysics Data System}
}

@INPROCEEDINGS{scf_nn,
author={A. Fehske and J. Gaeddert and J. H. Reed},
booktitle={First IEEE International Symposium on New Frontiers in Dynamic Spectrum Access Networks, 2005. DySPAN 2005.},
title={A new approach to signal classification using spectral correlation and neural networks},
year={2005},
pages={144-150},
keywords={Monte Carlo methods;bandwidth allocation;computational complexity;correlation theory;frequency allocation;neural nets;signal classification;software radio;spectral analysis;telecommunication computing;telecommunication network reliability;Monte Carlo simulation;bandwidth allocation;baseband signal classification;carrier frequency;channel sensing;cognitive radio;computational complexity;cyclic spectral analysis;neural network;reliable classifier;spectral correlation;spectrum allocation;wireless communication system;Bandwidth;Baseband;Chromium;Cognitive radio;Frequency;Interference;Neural networks;Pattern classification;Signal processing algorithms;Wireless communication},
doi={10.1109/DYSPAN.2005.1542629},
month={Nov},}

@ARTICLE{cobanets, 
author={M. Zorzi and A. Zanella and A. Testolin and M. De Filippo De Grazia and M. Zorzi}, 
journal={IEEE Access}, 
title={Cognition-Based Networks: A New Perspective on Network Optimization Using Learning and Distributed Intelligence}, 
year={2015}, 
volume={3}, 
number={}, 
pages={1512-1530}, 
keywords={cognitive radio;data structures;learning (artificial intelligence);telecommunication computing;COBANET;automatic optimization;cognition-based network;cognitive network;data representation;machine learning technique;network optimization;network virtualization paradigm;probabilistic generative model;reconfiguration strategy;system-wide learning;system-wide modeling;system-wide optimization;unsupervised deep learning;Cognitive networks;Communication networks;Deep learning;Hierarchical networks;Optimization;Cognitive networks;deep learning;hierarchical generative models;optimization}, 
doi={10.1109/ACCESS.2015.2471178}, 
ISSN={2169-3536}, 
month={},}

@INPROCEEDINGS{mlresource, 
author={A. Testolin and M. Zanforlin and M. De Filippo De Grazia and D. Munaretto and A. Zanella and M. Zorzi and M. Zorzi}, 
booktitle={2014 13th Annual Mediterranean Ad Hoc Networking Workshop (MED-HOC-NET)}, 
title={A machine learning approach to QoE-based video admission control and resource allocation in wireless systems}, 
year={2014}, 
volume={}, 
number={}, 
pages={31-38}, 
keywords={cellular radio;quality of experience;resource allocation;telecommunication computing;telecommunication control;unsupervised learning;video coding;wireless channels;H.264-encoded video frames;QoE-based VAC;QoE-based video admission control;cellular networks;end users;machine learning;quality of experience;quality-rate characteristics;resource allocation;resource management;supervised classification;unknown video sequences;unsupervised feature learning;video traffic;video transmissions;wireless systems;Ad hoc networks;Feature extraction;Machine learning algorithms;Mobile communication;Polynomials;Streaming media;Video sequences}, 
doi={10.1109/MedHocNet.2014.6849102}, 
ISSN={}, 
month={June},}

@ARTICLE{digital_psd,
author={D. Divsalar and M. Simon},
journal={IEEE Transactions on Communications},
title={The Power Spectral Density of Digital Modulations Transmitted Over Nonlinear Channels},
year={1982},
volume={30},
number={1},
pages={142-151},
keywords={pulse modulation;spectral analysis;band-limited nonlinear channels;digital modulations;filter-nonlinearity combinations;power spectral densities;quadrature modulations;Communication systems;Computer simulation;Digital filters;Digital modulation;Filtering;Power system modeling;Pulse modulation;Quadrature phase shift keying;Satellites;Transmitters},
doi={10.1109/TCOM.1982.1095393},
ISSN={0090-6778},
month={January},}
